@book{knuth1983texbook,
  author    = {Knuth, Donald E.},
  title     = {The \TeX book},
  edition   = {2nd},
  publisher = {Addison-Wesley},
  year      = {1983},
}

@misc{tugtex,

author = {{TeX Users Group}},
title = {{History of TeX}},
year = {2023},
url = {https://tug.org/whatis.html},
}

@misc{ucolorado,

author = {{University of Colorado, Boulder}},
title = {{\LaTeX \ for Beginners}},
edition = {5th}, 
year = {2014},
}